@online{AdaUAM,
  title = {AdaUAM},
  url = {https://www.uam.es/uam/tecnologias-informacion/servicios-ti/acceso-remoto-red},
  urldate = {2025-07-11},
  langid = {spanish}
}

@inbook{aichernigModelLearningModelBased2018,
  title = {Model {{Learning}} and {{Model-Based Testing}}},
  booktitle = {Lecture {{Notes}} in {{Computer Science}}},
  date = {2018},
  pages = {74--100},
  publisher = {Springer International Publishing},
  location = {Cham},
  issn = {0302-9743, 1611-3349},
  doi = {10.1007/978-3-319-96562-8_3},
  url = {http://link.springer.com/10.1007/978-3-319-96562-8_3},
  urldate = {2025-07-13},
  bookauthor = {Aichernig, Bernhard K. and Mostowski, Wojciech and Mousavi, Mohammad Reza and Tappler, Martin and Taromirad, Masoumeh},
  isbn = {978-3-319-96561-1 978-3-319-96562-8}
}

@online{AutoGen,
  title = {{{AutoGen}}},
  url = {https://microsoft.github.io/autogen/stable/},
  urldate = {2025-07-10}
}

@inproceedings{bozicChatbotTestingUsing2019,
  title = {Chatbot {{Testing Using AI Planning}}},
  booktitle = {2019 {{IEEE International Conference On Artificial Intelligence Testing}} ({{AITest}})},
  author = {Bozic, Josip and Tazl, Oliver A. and Wotawa, Franz},
  date = {2019-04},
  pages = {37--44},
  doi = {10.1109/AITest.2019.00-10},
  url = {https://ieeexplore.ieee.org/abstract/document/8718222/citations?tabFilter=papers#citations},
  urldate = {2025-03-19},
  eventtitle = {2019 {{IEEE International Conference On Artificial Intelligence Testing}} ({{AITest}})},
  keywords = {Adaptation models,Artificial intelligence,automated testing,chatbot testing,Computers,Natural languages,planning,Planning,Testing,Tools}
}

@inproceedings{canizaresCoveragebasedStrategiesAutomated2024,
  title = {Coverage-Based {{Strategies}} for the {{Automated Synthesis}} of {{Test Scenarios}} for {{Conversational Agents}}},
  booktitle = {Proceedings of the 5th {{ACM}}/{{IEEE International Conference}} on {{Automation}} of {{Software Test}} ({{AST}} 2024)},
  author = {Cañizares, Pablo C. and Ávila, Daniel and Perez-Soler, Sara and Guerra, Esther and family=Lara, given=Juan, prefix=de, useprefix=true},
  date = {2024-06-10},
  series = {{{AST}} '24},
  pages = {23--33},
  publisher = {Association for Computing Machinery},
  location = {New York, NY, USA},
  doi = {10.1145/3644032.3644456},
  url = {https://doi.org/10.1145/3644032.3644456},
  urldate = {2025-03-19},
  isbn = {979-8-4007-0588-5}
}

@article{canizaresMeasuringClusteringHeterogeneous2024,
  title = {Measuring and {{Clustering Heterogeneous Chatbot Designs}}},
  author = {Cañizares, Pablo C. and López-Morales, Jose María and Pérez-Soler, Sara and Guerra, Esther and De Lara, Juan},
  date = {2024-05-31},
  journaltitle = {ACM Transactions on Software Engineering and Methodology},
  shortjournal = {ACM Trans. Softw. Eng. Methodol.},
  volume = {33},
  number = {4},
  pages = {1--43},
  publisher = {Association for Computing Machinery (ACM)},
  issn = {1049-331X, 1557-7392},
  doi = {10.1145/3637228},
  url = {https://dl.acm.org/doi/10.1145/3637228},
  urldate = {2025-07-10},
  langid = {english}
}

@online{ChatGPT,
  title = {{{ChatGPT}}},
  url = {https://chatgpt.com},
  urldate = {2025-07-10},
  langid = {american}
}

@article{cuadradoIntegratingStaticQuality2024,
  title = {Integrating {{Static Quality Assurance}} in {{CI Chatbot Development Workflows}}},
  author = {Cuadrado, Jesús Sánchez and Ávila, Daniel and Pérez-Soler, Sara and Cañizares, Pablo C. and Guerra, Esther and De Lara, Juan},
  date = {2024-09},
  journaltitle = {IEEE Software},
  shortjournal = {IEEE Softw.},
  volume = {41},
  number = {5},
  pages = {60--69},
  publisher = {{Institute of Electrical and Electronics Engineers (IEEE)}},
  issn = {0740-7459, 1937-4194},
  doi = {10.1109/ms.2024.3401551},
  url = {https://ieeexplore.ieee.org/document/10533225/},
  urldate = {2025-07-10}
}

@online{CyaraBotium,
  title = {Cyara {{Botium}}},
  url = {https://cyara.com/products/botium/},
  urldate = {2025-07-10},
  langid = {american},
  organization = {Cyara}
}

@inproceedings{delaraAutomatedEndtoEndTesting2025,
  title = {Automated {{End-to-End Testing}} for {{Conversational Agents}}},
  booktitle = {Journal of {{Systems}} and {{Software}} (under Evaluation), 2025},
  author = {family=Lara, given=Juan, prefix=de, useprefix=true and family=Pozzo, given=Alejandro, prefix=del, useprefix=true and Guerra, Esther and Sánchez Cuadrado, Jesús},
  date = {2025},
  publisher = {{Journal of Systems and Software (under evaluation)}}
}

@online{delaraSensei,
  title = {Sensei},
  shorttitle = {Satori-Chatbots/User-Simulator},
  author = {De Lara, Juan and Guerra, Esther and family=Pozzo, given=Alejandro, prefix=del, useprefix=true and Sanchez Cuadrado, Jesús},
  url = {https://github.com/satori-chatbots/user-simulator},
  urldate = {2025-07-10},
  langid = {english},
  organization = {GitHub}
}

@online{Dialogflow,
  title = {Dialogflow},
  url = {https://cloud.google.com/products/conversational-agents},
  urldate = {2025-07-10},
  langid = {english},
  organization = {Google Cloud}
}

@inproceedings{gomez-abajoMutationTestingTaskOriented2024,
  title = {Mutation {{Testing}} for {{Task-Oriented Chatbots}}},
  booktitle = {Proceedings of the 28th {{International Conference}} on {{Evaluation}} and {{Assessment}} in {{Software Engineering}}},
  author = {Gómez-Abajo, Pablo and Pérez-Soler, Sara and Cañizares, Pablo C. and Guerra, Esther and family=Lara, given=Juan, prefix=de, useprefix=true},
  date = {2024-06-18},
  series = {{{EASE}} '24},
  pages = {232--241},
  publisher = {Association for Computing Machinery},
  location = {New York, NY, USA},
  doi = {10.1145/3661167.3661220},
  url = {https://doi.org/10.1145/3661167.3661220},
  urldate = {2025-03-19},
  isbn = {979-8-4007-1701-7}
}

@online{GoogleGemini,
  title = {‎Google Gemini},
  url = {https://gemini.google.com},
  urldate = {2025-07-10},
  langid = {spanish},
  organization = {Gemini}
}

@inbook{hajipourIReEnReverseEngineeringBlackBox2021,
  title = {{{IReEn}}: {{Reverse-Engineering}} of~{{Black-Box Functions}} via~{{Iterative Neural Program Synthesis}}},
  shorttitle = {{{IReEn}}},
  booktitle = {Communications in {{Computer}} and {{Information Science}}},
  date = {2021},
  pages = {143--157},
  publisher = {Springer International Publishing},
  location = {Cham},
  issn = {1865-0929, 1865-0937},
  doi = {10.1007/978-3-030-93733-1_10},
  url = {https://link.springer.com/10.1007/978-3-030-93733-1_10},
  urldate = {2025-07-13},
  bookauthor = {Hajipour, Hossein and Malinowski, Mateusz and Fritz, Mario},
  isbn = {978-3-030-93732-4 978-3-030-93733-1},
  langid = {english}
}

@online{LangGraph,
  title = {{{LangGraph}}},
  url = {https://www.langchain.com/langgraph},
  urldate = {2025-07-10},
  langid = {english}
}

@inproceedings{liEnhancingNaturalLanguage2024,
  title = {Enhancing {{Natural Language Instruction Document Comprehension}} with {{Large Language Models}}},
  booktitle = {2024 5th {{International Conference}} on {{Computer}}, {{Big Data}} and {{Artificial Intelligence}} ({{ICCBD}}+{{AI}})},
  author = {Li, Shang and Chen, Yang and Zhang, Xin},
  date = {2024-11-01},
  pages = {622--626},
  publisher = {IEEE},
  location = {Jingdezhen, China},
  doi = {10.1109/iccbd-ai65562.2024.00109},
  url = {https://ieeexplore.ieee.org/document/10933784/},
  urldate = {2025-07-11},
  eventtitle = {2024 5th {{International Conference}} on {{Computer}}, {{Big Data}} and {{Artificial Intelligence}} ({{ICCBD}}+{{AI}})}
}

@inproceedings{luoDynPREProtocolReverse,
  title = {{{DynPRE}}: {{Protocol Reverse Engineering}} via {{Dynamic Inference}}},
  author = {Luo, Z and Liang, K and Zhao, Y and Wu, F and Yu, J and Shi, H and Jiang, Y},
  publisher = {The Internet Society},
  url = {https://www.bibsonomy.org/bibtex/18ccab56a03c098f0aabeeb15461716a3},
  urldate = {2025-07-13}
}

@thesis{menguyBlackboxCodeAnalysis2023,
  type = {phdthesis},
  title = {Black-Box Code Analysis for Reverse Engineering through Constraint Acquisition and Program Synthesis},
  author = {Menguy, Grégoire},
  date = {2023-03-14},
  institution = {Université Paris-Saclay},
  url = {https://theses.hal.science/tel-04097552},
  urldate = {2025-07-13},
  langid = {english}
}

@online{Rasa2020,
  title = {Rasa},
  date = {2020-12-01T14:05:43Z},
  url = {https://rasa.com/},
  urldate = {2025-07-10},
  langid = {english},
  organization = {Rasa}
}

@online{RasaTest2025,
  title = {Rasa {{Test}}},
  date = {2025-07-10},
  url = {https://rasa.com/docs/pro/testing/evaluating-assistant/},
  urldate = {2025-07-10},
  langid = {english}
}

@article{renEvaluationTechniquesChatbot2019,
  title = {Evaluation {{Techniques}} for {{Chatbot Usability}}: {{A Systematic Mapping Study}}},
  shorttitle = {Evaluation {{Techniques}} for {{Chatbot Usability}}},
  author = {Ren, Ranci and Castro, John W. and Acuña, Silvia T. and De Lara, Juan},
  date = {2019-11},
  journaltitle = {International Journal of Software Engineering and Knowledge Engineering},
  shortjournal = {Int. J. Soft. Eng. Knowl. Eng.},
  volume = {29},
  pages = {1673--1702},
  publisher = {World Scientific Pub Co Pte Lt},
  issn = {0218-1940, 1793-6403},
  doi = {10.1142/s0218194019400163},
  url = {https://www.worldscientific.com/doi/abs/10.1142/S0218194019400163},
  urldate = {2025-07-10},
  issue = {11n12},
  langid = {english}
}

@inproceedings{sanchezcuadradoAutomatingDevelopmentTaskoriented2024,
  title = {Automating the {{Development}} of {{Task-oriented LLM-based Chatbots}}},
  booktitle = {Proceedings of the 6th {{ACM Conference}} on {{Conversational User Interfaces}}},
  author = {Sánchez Cuadrado, Jesús and Pérez-Soler, Sara and Guerra, Esther and De Lara, Juan},
  date = {2024-07-08},
  series = {{{CUI}} '24},
  pages = {1--10},
  publisher = {Association for Computing Machinery},
  location = {New York, NY, USA},
  doi = {10.1145/3640794.3665538},
  url = {https://doi.org/10.1145/3640794.3665538},
  urldate = {2025-03-19},
  isbn = {979-8-4007-0511-3}
}

@article{shahbazAnalysisTestingBlackbox2014,
  title = {Analysis and Testing of Black‐box Component‐based Systems by Inferring Partial Models},
  author = {Shahbaz, Muzammil and Groz, Roland},
  date = {2014-06},
  journaltitle = {Software Testing, Verification and Reliability},
  shortjournal = {Software Testing Verif \& Rel},
  volume = {24},
  number = {4},
  pages = {253--288},
  publisher = {Wiley},
  issn = {0960-0833, 1099-1689},
  doi = {10.1002/stvr.1491},
  url = {https://onlinelibrary.wiley.com/doi/10.1002/stvr.1491},
  urldate = {2025-07-13},
  langid = {english}
}

@software{sotillodelhornoChatbottracerToolModel,
  title = {Chatbot-Tracer: {{A}} Tool to Model Chatbots and Create Profiles to Test Them.},
  shorttitle = {Chatbot-Tracer},
  author = {Sotillo del Horno, Iván},
  url = {https://github.com/Chatbot-TRACER/TRACER},
  urldate = {2025-07-10},
  version = {0.2.10},
  keywords = {ai,automation,chatbot,Software Development - Testing,testing}
}

@inproceedings{urricoMutaBotMutationTesting2024,
  title = {{{MutaBot}}: {{A Mutation Testing Approach}} for {{Chatbots}}},
  shorttitle = {{{MutaBot}}},
  booktitle = {Proceedings of the 2024 {{IEEE}}/{{ACM}} 46th {{International Conference}} on {{Software Engineering}}: {{Companion Proceedings}}},
  author = {Urrico, Michael Ferdinando and Clerissi, Diego and Mariani, Leonardo},
  date = {2024-04-14},
  pages = {79--83},
  publisher = {ACM},
  location = {Lisbon Portugal},
  doi = {10.1145/3639478.3640032},
  url = {https://dl.acm.org/doi/10.1145/3639478.3640032},
  urldate = {2025-07-10},
  eventtitle = {{{ICSE-Companion}} '24: 2024 {{IEEE}}/{{ACM}} 46th {{International Conference}} on {{Software Engineering}}: {{Companion Proceedings}}}
}

@article{vaandragerModelLearning2017,
  title = {Model Learning},
  author = {Vaandrager, Frits},
  date = {2017-01-23},
  journaltitle = {Commun. ACM},
  volume = {60},
  number = {2},
  pages = {86--95},
  issn = {0001-0782},
  doi = {10.1145/2967606},
  url = {https://dl.acm.org/doi/10.1145/2967606},
  urldate = {2025-03-20}
}

@inproceedings{vasconcelosBottesterTestingConversational2017,
  title = {Bottester: {{Testing Conversational Systems}} with {{Simulated Users}}},
  shorttitle = {Bottester},
  booktitle = {Proceedings of the {{XVI Brazilian Symposium}} on {{Human Factors}} in {{Computing Systems}}},
  author = {Vasconcelos, Marisa and Candello, Heloisa and Pinhanez, Claudio and Dos Santos, Thiago},
  date = {2017-10-23},
  pages = {1--4},
  publisher = {ACM},
  location = {Joinville Brazil},
  doi = {10.1145/3160504.3160584},
  url = {https://dl.acm.org/doi/10.1145/3160504.3160584},
  urldate = {2025-07-10},
  eventtitle = {{{IHC}} 2017: {{Brazilian Symposium}} on {{Human Factors}} in {{Computing Systems}}}
}

@inbook{walkinshawReverseEngineeringSoftwareBehavior2013,
  title = {Reverse-{{Engineering Software Behavior}}},
  booktitle = {Advances in {{Computers}}},
  date = {2013},
  pages = {1--58},
  publisher = {Elsevier},
  issn = {0065-2458},
  doi = {10.1016/b978-0-12-408089-8.00001-x},
  url = {https://linkinghub.elsevier.com/retrieve/pii/B978012408089800001X},
  urldate = {2025-07-13},
  bookauthor = {Walkinshaw, Neil}
}

@article{zhouGastroBotChineseGastrointestinal2024,
  title = {{{GastroBot}}: A {{Chinese}} Gastrointestinal Disease Chatbot Based on the Retrieval-Augmented Generation},
  shorttitle = {{{GastroBot}}},
  author = {Zhou, Qingqing and Liu, Can and Duan, Yuchen and Sun, Kaijie and Li, Yu and Kan, Hongxing and Gu, Zongyun and Shu, Jianhua and Hu, Jili},
  date = {2024-05-22},
  journaltitle = {Frontiers in Medicine},
  shortjournal = {Front. Med.},
  volume = {11},
  publisher = {Frontiers Media SA},
  issn = {2296-858X},
  doi = {10.3389/fmed.2024.1392555},
  url = {https://www.frontiersin.org/articles/10.3389/fmed.2024.1392555/full},
  urldate = {2025-07-13}
}

@online{zhuConvLab3FlexibleDialogue2023,
  title = {{{ConvLab-3}}: {{A Flexible Dialogue System Toolkit Based}} on a {{Unified Data Format}}},
  shorttitle = {{{ConvLab-3}}},
  author = {Zhu, Qi and Geishauser, Christian and Lin, Hsien-chin and family=Niekerk, given=Carel, prefix=van, useprefix=false and Peng, Baolin and Zhang, Zheng and Heck, Michael and Lubis, Nurul and Wan, Dazhen and Zhu, Xiaochen and Gao, Jianfeng and Gašić, Milica and Huang, Minlie},
  date = {2023-10-17},
  eprint = {2211.17148},
  eprinttype = {arXiv},
  eprintclass = {cs},
  doi = {10.48550/arXiv.2211.17148},
  url = {http://arxiv.org/abs/2211.17148},
  urldate = {2025-03-19},
  langid = {english},
  pubstate = {prepublished},
  keywords = {Computer Science - Artificial Intelligence,Computer Science - Computation and Language}
}
